@article{Reif:1991,
  title={Computability and Complexity of Ray Tracing},
  author={J.H. Reif, J.D. Tygar and A. Yoshida},
  year={1991},
  publisher={Duke University}
} 

@book{ComputerGraphicsFromScratch,
  title={Computer Graphics from Scratch},
  author={Gabriel Gambetta},
  year={2021},
  publisher={No Starch Press}
}

@article{HowToyStory3WasMade,
  title={How Toy Story 3 Was Made},
  author={Johan Lehrer},
  url={https://www.wired.co.uk/article/how-toy-story-3-was-made},
  year={2010},
  publisher={Wired magazine}
}

@misc{MakingOfBoredRoom,
  title={Making of Bored Room (production)},
  author={Jamie Clay},
  url={https://vimeo.com/11358064},
  year={1990}
}

@article{NeRFactor,
  title={NeRF Moves Another Step Closer to Replacing CGI},
  author={Martin Anderson},
  url={https://www.unite.ai/nerfactor-another-step-to-replacing-cgi/},
  year={2021},
  publisher={unite.ai}
}

@article{NvidiaRTX,
  title={Microsoft and Nvidia Tech to Bring Photorealistic Games With Ray Tracing},
  author={Rishi Alwani},
  url={https://gadgets360.com/laptops/news/microsoft-dxr-nvidia-rtx-ray-tracing-volta-gpu-metro-exodus-1826988},
  year={2018},
  publisher={gadgets360}
}

@article{StackOverflowSurvey,
  title={Stack Overflow 2022 Developer Survey},
  url={https://survey.stackoverflow.co/2022/#most-popular-technologies-language-prof},
  year={2022},
  publisher={Stack Overflow}
}
